@article{Horton2010,
author = {Horton, Ashley and Wittek, Adam and Joldes, Grand Roman and Miller, Karol},
doi = {10.1002/cnm},
file = {:home/ivles/.local/share/data/Mendeley Ltd./Mendeley Desktop/Downloaded/Horton et al. - 2010 - A meshless Total Lagrangian explicit dynamics algorithm for surgical simulation.pdf:pdf},
journal = {Integration The Vlsi Journal},
keywords = {biomechanics,explicit dynamics,meshless methods,total lagrangian formulation},
number = {March},
pages = {977--998},
title = {{A meshless Total Lagrangian explicit dynamics algorithm for surgical simulation}},
year = {2010}
}
@article{Becker2009,
author = {Becker, Markus and Ihmsen, Markus and Teschner, Matthias},
file = {:home/ivles/.local/share/data/Mendeley Ltd./Mendeley Desktop/Downloaded/Becker, Ihmsen, Teschner - 2009 - Corotated SPH for deformable solids.pdf:pdf},
title = {{Corotated SPH for deformable solids}},
year = {2009}
}
@article{Keiser2004,
author = {Keiser, R and Nealen, A and Pauly, M and Gross, M and Alexa, M},
file = {:home/ivles/.local/share/data/Mendeley Ltd./Mendeley Desktop/Downloaded/Keiser et al. - 2004 - Point Based Animation of Elastic, Plastic and Melting Objects.pdf:pdf},
journal = {Proceedings of the ACM SIGGRAPH/Eurographics symposium on Computer animation},
pages = {141--151},
title = {{Point Based Animation of Elastic, Plastic and Melting Objects}},
year = {2004}
}
@article{Desbrun1996,
author = {Desbrun, Mathieu and Cani, MP},
file = {:home/ivles/papers/DC96.pdf:pdf},
journal = {Proceedings of the Eurographics workshop on Computer animation and simulation},
pages = {61--76},
title = {{Smoothed particles: A new paradigm for animating highly deformable bodies}},
url = {http://hal.archives-ouvertes.fr/inria-00537534/},
year = {1996}
}
@article{Chentanez2005,
author = {Chentanez, Nuttapong},
file = {:home/ivles/.local/share/data/Mendeley Ltd./Mendeley Desktop/Downloaded/Chentanez - 2005 - Solid Simulation with Oriented Particles.pdf:pdf},
keywords = {oriented particles,position based dy-,shape matching},
title = {{Solid Simulation with Oriented Particles}},
year = {2005}
}

@article{Paiva2009,
 author = {Paiva, Afonso and Petronetto, Fabiano and Lewiner, Thomas and
Tavares, Geovan},
 title = {Particle-based viscoplastic fluid/solid simulation},
 journal = {Comput. Aided Des.},
 issue_date = {April, 2009},
 volume = {41},
 number = {4},
 month = apr,
 year = {2009},
 issn = {0010-4485},
 pages = {306--314},
 numpages = {9},
 url = {http://dx.doi.org/10.1016/j.cad.2008.10.004},
 doi = {10.1016/j.cad.2008.10.004},
 acmid = {1531231},
 publisher = {Butterworth-Heinemann},
 address = {Newton, MA, USA},
 keywords = {Non-Newtonian fluid, Physically-based animation, Radial basis
function, Smoothed particle hydrodynamics, Solid deformation, Viscoplastic
fluid},
} 

@article{Muller2005,
 author = {M\"{u}ller, Matthias and Heidelberger, Bruno and Teschner, Matthias
and Gross, Markus},
 title = {Meshless deformations based on shape matching},
 journal = {ACM Trans. Graph.},
 issue_date = {July 2005},
 volume = {24},
 number = {3},
 month = jul,
 year = {2005},
 issn = {0730-0301},
 pages = {471--478},
 numpages = {8},
 url = {http://doi.acm.org/10.1145/1073204.1073216},
 doi = {10.1145/1073204.1073216},
 acmid = {1073216},
 publisher = {ACM},
 address = {New York, NY, USA},
 keywords = {deformable modeling, geometric deformation, real-time simulation,
shape matching},
} 

@article{Muller2011,
 author = {M\"{u}ller, Matthias and Chentanez, Nuttapong},
 title = {Solid simulation with oriented particles},
 journal = {ACM Trans. Graph.},
 issue_date = {July 2011},
 volume = {30},
 number = {4},
 month = jul,
 year = {2011},
 issn = {0730-0301},
 pages = {92:1--92:10},
 articleno = {92},
 numpages = {10},
 url = {http://doi.acm.org/10.1145/2010324.1964987},
 doi = {10.1145/2010324.1964987},
 acmid = {1964987},
 publisher = {ACM},
 address = {New York, NY, USA},
 keywords = {oriented particles, position based dynamics, shape matching},
} 

@article{Liu:2011:MSB:1970281.1970303,
 author = {Liu, Ning and He, Xiaowei and Li, Sheng and Wang, Guoping},
 title = {Meshless simulation of brittle fracture},
 journal = {Comput. Animat. Virtual Worlds},
 issue_date = {April 2011},
 volume = {22},
 number = {2-3},
 month = apr,
 year = {2011},
 issn = {1546-4261},
 pages = {115--124},
 numpages = {10},
 url = {http://dx.doi.org/10.1002/cav.412},
 doi = {10.1002/cav.412},
 acmid = {1970303},
 publisher = {John Wiley and Sons Ltd.},
 address = {Chichester, UK},
 keywords = {brittle fracture, meshless method, rigid simulation},
} 

@book{NFECS,
	author = {Belytschko, Ted and Liu, Wing Kam and Moran, Brian},
	title = {Nonlinear Finite Elements for Continua ans Structures},
	publisher = {Wiley},
	year = {2000}
}

@incollection{faure:hal-00681539,
    hal_id = {hal-00681539},
    url = {http://hal.inria.fr/hal-00681539},
    title = {{SOFA: A Multi-Model Framework for Interactive Physical Simulation}},
    author = {Faure, Fran{\c c}ois and Duriez, Christian and Delingette, Herv{\'e} and Allard, J{\'e}r{\'e}mie and Gilles, Benjamin and Marchesseau,
St{\'e}phanie and Talbot, Hugo and Courtecuisse, Hadrien and Bousquet, Guillaume and Peterlik, Igor and Cotin, St{\'e}phane},
    language = {Anglais},
    affiliation = {IMAGINE - Inria Grenoble Rh{\^o}ne-Alpes / LJK Laboratoire Jean Kuntzmann , SHACRA - Inria Lille - Nord Europe / Inria Nancy - Grand Est /
LIFL , ASCLEPIOS - INRIA Sophia Antipolis , EVASION - INRIA Grenoble Rh{\^o}ne-Alpes / LJK Laboratoire Jean Kuntzmann},
    booktitle = {{Soft Tissue Biomechanical Modeling for Computer Assisted Surgery}},
    publisher = {Springer},
    editor = {Yohan Payan },
    audience = {internationale },
    isbn = {978-3-642-29013-8 },
    doi = {10.1007/8415\_2012\_125 },
    year = {2012},
    month = Jun,
    pdf = {http://hal.inria.fr/hal-00681539/PDF/main.pdf},
}

@article{hosseini06		,
    author = {Hosseini, S. M. and Manzari, M. T. and Hannani, S. K.},
    citeulike-article-id = {1603738},
    citeulike-linkout-0 = {http://dx.doi.org/10.1108/09615530710777976},
    citeulike-linkout-1 = {http://www.ingentaconnect.com/content/mcb/134/2007/00000017/00000007/art00004},
    doi = {10.1108/09615530710777976},
    issn = {0961-5539},
    journal = {International Journal of Numerical Methods for Heat \&amp;\#38; Fluid Flow},
    keywords = {non-newtonian, sph},
    number = {7},
    pages = {715--735},
    posted-at = {2009-11-30 02:11:02},
    priority = {2},
    publisher = {Emerald Group Publishing Limited},
    title = {{A fully explicit three-step SPH algorithm for simulation of non-Newtonian fluid flow}},
    url = {http://dx.doi.org/10.1108/09615530710777976},
    volume = {17},
    year = {2007}
}

@techreport{Fries04,
	author={Fries, Thomas-Peter and Matthies, Hermann-Georg},
	title={Classification and Overview of Meshfree Methods},
	year={2004},
	month={July},
	institute={TU Brunswick}
}

@article{GilBouFauPai11,
author = {Benjamin Gilles and Guillaume Bousquet and Fran\c{c}ois Faure and Dinesh Pai},
title = {Frame-based Elastic Models},
journal = {ACM Trans. Graph.},
volume = 30,
number = {2},
codepage = {Article 15},
month = avr,
year = 2011
}