
@PROCEEDINGS{AFIG05,
  TITLE =        "Journées de l'AFIG",
  YEAR =         "2005",
  organization = "AFIG",
  address =      "Strasbourg"
}

@PROCEEDINGS{AFIG06,
  TITLE =        "Journées de l'AFIG",
  YEAR =         "2006",
  organization = "AFIG",
  address =      "Bordeaux"
}

@article{REFIG1,
  AUTHOR = "toto and titi",
  TITLE = "Premier numéro de la revue",
  JOURNAL = "Revue Electronique Francophone d'Informatique Graphique",
  YEAR =         "2007",
  volume = "1",
  number = "1",
  month = jan
}