@article{Gilles2010,
author = {Gilles, Benjamin and Bousquet, Guillaume and Faure, Francois and Pai, Dinesh K},
file = {:home/ivles/.local/share/data/Mendeley Ltd./Mendeley Desktop/Downloaded/Gilles et al. - 2010 - Frame-based Elastic Models.pdf:pdf},
title = {{Frame-based Elastic Models}},
year = {2010}
}
