@ARTICLE{Ahn2010,
  author = {Bummo Ahn and Jung Kim},
  title = {Measurement and characterization of soft tissue behavior with
      surface deformation and force response under large deformations},
  journal = {Medical Image Analysis},
  year = {2010},
  volume = {14},
  pages = {138-148},
  number = {2},
  doi = {10.1016/j.media.2009.10.006},
  issn = {1361-8415},
  keywords = {Soft tissue characterization, Medical simulation, Surface
      deformation, Large deformation, Inverse finite element method (FEM)
      optimization algorithm},
}

@ARTICLE{Felippa2003,
  author = {Carlos A. Felippa},
  title = {A study of optimal membrane triangles with drilling freedoms},
  journal = {Computer Methods in Applied Mechanics and Engineering},
  year = {2003},
  volume = {192},
  pages = {2125-2168},
  number = {16-18},
  doi = {10.1016/S0045-7825(03)00253-6},
  issn = {0045-7825},
  keywords = {Finite elements, Templates, High performance, Drilling freedoms, Triangles,
	Membrane, Plane stress, Shell, Assumed natural deviatoric strains,
	Hierarchical models, Signatures, Clones},
}

@INCOLLECTION{Hollenstein2006,
  author = {Hollenstein, Marc and Nava, Alessandro and Valtorta, Davide and
      Snedeker, Jess G. and Mazza, Edoardo},
  title = {Mechanical Characterization of the Liver Capsule and Parenchyma},
  booktitle = {Biomedical Simulation},
  publisher = {Springer Berlin Heidelberg},
  year = {2006},
  editor = {Harders, Matthias and Sz\'{e}kely, Gábor},
  volume = {4072},
  series = {Lecture Notes in Computer Science},
  pages = {150-158},
  doi = {10.1007/11790273_17},
  isbn = {978-3-540-36009-4},
}

@ARTICLE{Nava2008,
  author = {A. Nava and E. Mazza and M. Furrer and P. Villiger and W.H. Reinhart},
  title = {In vivo mechanical characterization of human liver},
  journal = {Medical Image Analysis},
  year = {2008},
  volume = {12},
  pages = {203 - 216},
  number = {2},
  doi = {10.1016/j.media.2007.10.001},
  issn = {1361-8415},
  keywords = {Liver, Mechanical properties, In vivo, Constitutive models, Experiment},
}

@INPROCEEDINGS{Nesme2005,
  author = {Nesme, Matthieu and Payan, Yohan and Faure, Fran\c{c}ois},
  title = {Efficient, Physically Plausible Finite Elements},
  booktitle = {Eurographics (short papers)},
  year = {2005},
  editor = {J. Dingliana and F. Ganovelli},
  month = {august},
  keywords = {animation, physical model, elasticity, finite elements},
  url = {http://www-evasion.imag.fr/Publications/2005/NPF05}
}

@INPROCEEDINGS{Peterlik2012,
  author = {Peterl\'{i}k, Igor and Duriez, Christian and Cotin, St\'{e}phane},
  title = {Modeling and Real-Time Simulation of a Vascularized Liver Tissue},
  booktitle = {Medical Image Computing and Computer-Assisted Intervention – MICCAI
	2012},
  publisher = {Springer Berlin Heidelberg},
  year = {2012},
  editor = {Ayache, Nicholas and Delingette, Herv\'{e} and Golland, Polina and Mori,
	Kensaku},
  volume = {7510},
  series = {Lecture Notes in Computer Science},
  pages = {50-57},
  doi = {10.1007/978-3-642-33415-3_7},
  isbn = {978-3-642-33414-6},
}

@ARTICLE{Umale2011,
  author = {Sagar Umale and Simon Chatelin and Nicolas Bourdet and Caroline Deck
        and Michele Diana and Parag Dhumane and Luc Soler and Jacques Marescaux
        and Remy Willinger},
  title = {Experimental in vitro mechanical characterization of porcine Glisson's
        capsule and hepatic veins},
  journal = {Journal of Biomechanics},
  year = {2011},
  volume = {44},
  pages = {1678-1683},
  number = {9},
  doi = {10.1016/j.jbiomech.2011.03.029},
  issn = {0021-9290},
  keywords = {Glisson's capsule},
}

@PHDTHESIS{Umale2013,
  author = {Sagar Umale},
  title = {Characterization and Modeling of Abdominal Organs},
  school = {Universit\'{e} de Strasbourg},
  year = {2013},
}

