@ARTICLE{Ahn2010,
  author = {Bummo Ahn and Jung Kim},
  title = {Measurement and characterization of soft tissue behavior with
      surface deformation and force response under large deformations},
  journal = {Medical Image Analysis},
  year = {2010},
  volume = {14},
  pages = {138-148},
  number = {2},
  doi = {10.1016/j.media.2009.10.006},
  issn = {1361-8415},
  keywords = {Soft tissue characterization, Medical simulation, Surface
      deformation, Large deformation, Inverse finite element method (FEM)
      optimization algorithm},
}

@article{Boltcheva2009,
    author = {Boltcheva, Dobrina and Yvinec, Mariette and Boissonnat, Jean-Daniel},
    journal = {MICCAI},
    number = {Pt 2},
    pages = {283--90},
    title = {{Mesh generation from 3D multi-material images.}},
    volume = {12},
    year = {2009}
}
 
@ARTICLE{Duriez2006,
  author = {Duriez, C. and Cotin, S. and Lenoir, J. and Neumann, P.},
  title = {New approaches to catheter navigation for interventional radiology
	simulation1},
  journal = {Computer Aided Surgery},
  year = {2006},
  doi = {10.3109/10929080601090623},
}

@ARTICLE{Felippa2003,
  author = {Carlos A. Felippa},
  title = {A study of optimal membrane triangles with drilling freedoms},
  journal = {CMAME},
  year = {2003},
  volume = {192},
  pages = {2125-2168},
  number = {16-18},
  doi = {10.1016/S0045-7825(03)00253-6},
  issn = {0045-7825},
  keywords = {Finite elements, Templates, High performance, Drilling freedoms, Triangles,
	Membrane, Plane stress, Shell, Assumed natural deviatoric strains,
	Hierarchical models, Signatures, Clones},
}

@ARTICLE{Felippa2005,
  author = {C.A. Felippa and B. Haugen},
  title = {A unified formulation of small-strain corotational finite elements:
	I. Theory},
  journal = {CMAME},
  year = {2005},
  volume = {194},
  pages = {2285-2335},
  number = {21-24},
  doi = {10.1016/j.cma.2004.07.035},
  issn = {0045-7825},
  keywords = {Geometrically nonlinear structural analysis, Corotational description,
	Shell finite elements},
}

@INPROCEEDINGS{Gao2009,
    author={Zhan Gao and Kim, T. and James, D.L. and Desai, J.P.},
    booktitle={Automation Science and Engineering},
    title={Semi-automated soft-tissue acquisition and modeling for surgical simulation},
    year={2009},
    keywords={Biological materials;Biological tissues;Computational modeling;Computer simulation;Deformable models;Liver;Materials testing;Mechanical factors;Performance evaluation;Surgery;biological tissues;biomechanics;computer animation;deformation;eigenvalues and eigenfunctions;liver;medical computing;stress-strain relations;surgery;automatic code generation;compression;computer animations;deformation;eigenvalue degeneracies;element inversion;logarithmic Ogden model;mechanical properties;patient-specific variations;porcine liver tissue;semiautomated method;semiautomated soft-tissue acquisition;shear;stress-strain relations;surgical simulation;tension;},
    doi={10.1109/COASE.2009.5234158},
}

@INCOLLECTION{Hollenstein2006,
  author = {Hollenstein, Marc and Nava, Alessandro and Valtorta, Davide and
      Snedeker, Jess G. and Mazza, Edoardo},
  title = {Mechanical Characterization of the Liver Capsule and Parenchyma},
  booktitle = {Biomedical Simulation},
  publisher = {Springer Berlin Heidelberg},
  year = {2006},
  volume = {4072},
  series = {LNCS},
  pages = {150-158},
  doi = {10.1007/11790273_17},
  isbn = {978-3-540-36009-4},
}

@article{Kerdok2006,
    title = "Effects of perfusion on the viscoelastic characteristics of liver",
    journal = "Journal of Biomechanics",
    volume = "39",
    number = "12",
    pages = "2221-2231",
    year = "2006",
    issn = "0021-9290",
    doi = "10.1016/j.jbiomech.2005.07.005",
    author = "Amy E. Kerdok and Mark P. Ottensmeyer and Robert D. Howe",
    keywords = "Perfusion",
    keywords = "Viscoelastic",
    keywords = "Indentation",
    keywords = "Creep",
    keywords = "Liver",
    keywords = "Large strain"
}

@ARTICLE{Nava2008,
  author = {A. Nava and E. Mazza and M. Furrer and P. Villiger and W.H. Reinhart},
  title = {In vivo mechanical characterization of human liver},
  journal = {Medical Image Analysis},
  year = {2008},
  volume = {12},
  pages = {203-216},
  number = {2},
  doi = {10.1016/j.media.2007.10.001},
  issn = {1361-8415},
  keywords = {Liver, Mechanical properties, In vivo, Constitutive models, Experiment},
}

@INCOLLECTION{Marchesseau2010,
  author = {Marchesseau, Stéphanie and Heimann, Tobias and Chatelin, Simon and
	Willinger, Rémy and Delingette, Hervé},
  title = {Multiplicative Jacobian Energy Decomposition Method for Fast Porous
	Visco-Hyperelastic Soft Tissue Model},
  booktitle = {MICCAI 2010},
  year = {2010},
  volume = {6361},
  series = {LNCS},
  pages = {235-242},
  doi = {10.1007/978-3-642-15705-9_29},
  isbn = {978-3-642-15704-2},
}

@INPROCEEDINGS{Nesme2005,
  author = {Nesme, Matthieu and Payan, Yohan and Faure, Fran\c{c}ois},
  title = {Efficient, Physically Plausible Finite Elements},
  booktitle = {Eurographics (short papers)},
  year = {2005},
  editor = {J. Dingliana and F. Ganovelli},
  month = {august},
  keywords = {animation, physical model, elasticity, finite elements},
}

@INPROCEEDINGS{Peterlik2012,
  author = {Peterl\'{i}k, Igor and Duriez, Christian and Cotin, St\'{e}phane},
  title = {Modeling and Real-Time Simulation of a Vascularized Liver Tissue},
  booktitle = {MICCAI
	2012},
  year = {2012},
  volume = {7510},
  series = {LNCS},
  pages = {50--57},
  doi = {10.1007/978-3-642-33415-3_7},
  isbn = {978-3-642-33414-6},
}

@ARTICLE{Umale2011,
  author = {Sagar Umale and Simon Chatelin and Nicolas Bourdet and Caroline Deck
        and Michele Diana and Parag Dhumane and Luc Soler and Jacques Marescaux
        and Remy Willinger},
  title = {Experimental in vitro mechanical characterization of porcine Glisson's
        capsule and hepatic veins},
  journal = {Journal of Biomechanics},
  year = {2011},
  volume = {44},
  number = {9},
  doi = {10.1016/j.jbiomech.2011.03.029},
  issn = {0021-9290},
  keywords = {Glisson's capsule},
}

@PHDTHESIS{Umale2013,
  author = {Sagar Umale},
  title = {Characterization and Modeling of Abdominal Organs},
  school = {Universit\'{e} de Strasbourg},
  year = {2013},
}

@article{Duriez2006b,
        author = {Christian Duriez and Frederic Dubois and Abderrahmane Kheddar and Claude Andriot},
        title = {Realistic Haptic Rendering of Interacting Deformable Objects in Virtual Environments},
        journal = {IEEE Transactions on Visualization and Computer Graphics},
        volume = {12},
        number = {1},
        year = {2006},
        issn = {1077-2626},
        pages = {36--47},
        publisher = {IEEE Educational Activities Department},
        address = {Piscataway, NJ, USA},
}

