@Book{Przemieniecki68,
author = {J.S. Przemieniecki},
title = {Theory of matrix structural analysis},
publisher = {McGraw-Hill Book Compagny},
year = {1985}
}

@inproceedings{ Provot95,
author = "Xavier Provot",
title = "Deformation Constraints in a Mass-Spring Model to Describe Rigid Cloth Behavior",
booktitle = "Graphics Interface '95",
publisher = "Canadian Human-Computer Communications Society",
editor = "Wayne A. Davis and Przemyslaw Prusinkiewicz",
pages = "147-154",
year = "1995"}
    
@Article{Muller07,
author = {Matthias MuÌˆller and Bruno Heidelberger and Marcus Hennix and	 John Ratcliff},
title = {Position based dynamics},
journal = {J. Vis. Commun. Image R},
volume = {18},
pages = {109-118},
year = {2007}
}

@Article{Zhongnian86,
author = {X. Zhongnian},
title = {A Simple and Efficient Triangular FEM for Plate Bending},
journal = {Acta Mechanica Sinica},
year = {1986},
volume = {2},
number = {2},
pages = {185-192}
}

@Book{Chapelle03,
author = {D. Chapelle and K. J. Bathe},
title = {The finite element analysis of shells - Fundamentals},
publisher = {Springer},
year = {2003}
}

@Book{Reddy05,
author = {J.N. Reddy},
title = {An Introduction to the Finite element method},
publisher = {Mc Graw-Hill},
year = {2005},
volume = {Third edition}
}

@Book{Liu03,
author = {G.R. Liu and S. Quek},
title = {Finite Element Method: A Practical Course},
publisher = {Butterworth-Heinemann Ltd},
year = {2003},
}

@InProceedings{Hammer08,
author = {Peter E. Hammer and Douglas P. Perrinb and Pedro J. del Nidob and Robert D. Howe},
title = {Image-based mass-spring model of mitral valve closure for surgical planning},
booktitle = {Proc. of SPIE Medical Imaging: Visualization, Image-guided Procedures, and Modeling},
year = {2008},
volume = {6918}
}

@Article{Yu08,
author = {Haiyan Yu and Zhaofeng Geng},
title = {An Improved Mass-Spring Model to Simulate Draping Cloth},
journal ={Intelligent Computation Technology and Automation, International Conference on},
volume = {1},
year = {2008},
pages = {568-571},
publisher = {IEEE Computer Society},
address = {Los Alamitos, CA, USA},
}

@inproceedings{Terzopoulos87,
 author = {Terzopoulos, Demetri and Platt, John and Barr, Alan and Fleischer, Kurt},
 title = {Elastically deformable models},
 booktitle = {SIGGRAPH '87: Proceedings of the 14th annual conference on Computer graphics and interactive techniques},
 year = {1987},
 pages = {205-214},
 publisher = {ACM},
 address = {New York, NY, USA}
 }
 
 @inproceedings{Grinspun03,
 author = {Grinspun, Eitan and Hirani, Anil N. and Desbrun, Mathieu and Schr\"{o}der, Peter},
 title = {Discrete shells},
 booktitle = {SCA '03: Proceedings of the 2003 ACM SIGGRAPH/Eurographics symposium on Computer animation},
 year = {2003},
 pages = {62-67},
 location = {San Diego, California},
 publisher = {Eurographics Association},
 address = {Aire-la-Ville, Switzerland, Switzerland},
 }
 
@Book{Volino00,
author = {Pascal Volino and Nadia Magnenat-Thalmann},
title = {Virtual Clothing: Theory and Practice},
publisher = {Springer-Verlag Berlin and Heidelberg GmbH and Co. K},
year = {2000}
}

@InProceedings{SOFA,
author = {Allard, J. and Cotin, S. and Faure, F. and Bensoussan, P-J. and Poyer, F. and Duriez, C. and Delingette, H. and Grisoni, L.},
title = {SOFA - an Open Source Framework for Medical Simulation},
booktitle = {Medicine Meets Virtual Reality},
year = {2007},
pages = {13-18}
}

@InProceedings{Choi07,
author = {Min Gyu Choi and Seung Yong Woo and Hyeong-Seok Ko},
title = {Real-Time Simulation of Thin Shells},
booktitle = {ACM SIGGRAPH/Eurographics symposium on Computer animation},
year={2007},
pages = {349-354}
}

@InProceedings{Bridson03,
author = {R. Bridson and S. Marino and R. Fedkiw},
title = {Simulation of Clothing with Folds and Wrinkles},
booktitle = {ACM SIGGRAPH/Eurographics symposium on Computer animation},
year={2003},
pages = {28-36}
}

@inProceedings{Taskiran05,
author = {Hasan Dogu Taskiran and Ugur G{\"u}d{\"u}kbay},
title = {Physically-based Simulation of Hair Strips in Real-Time},
booktitle = {WSCG (Short Papers)},
year = {2005},
pages = {153-156}
}

@InProceedings{Wang07,
author = {Wang, Fei and Duratti, Lindo and Samur, Evren and Spaelter, Ulrich and Bleuler, Hannes},
booktitle = {The 29th {A}nnual {I}nternational {C}onference of the {IEEE} {E}ngineering in {M}edicine and {B}iology {S}ociety ({IEEE}-{EMBS})},
title = {A {C}omputer-{B}ased {R}eal-{T}ime {S}imulation of {I}nterventional {R}adiology},
year = {2007},
pages={1742-1745}
}

@InProceedings{Pabst08,
author = {Simon Pabst and Sybille Krzywinski and Andrea Schenk and Bernhard Thomaszewski},
title = {Seams and Bending in Cloth Simulation},
booktitle = {Virtual Reality Interactions and Physical Simulation},
year = {2008}
}

@InProceedings{Wicke05,
author = {M. Wicke and D. Steinemann and M. Gross},
title = {Efficient animation of point-sampled thin shells},
booktitle = {Computer Graphics Forum (Eurographics 2005)},
pages = {667-676},
year = {2005},
volume = {}24,
number = {3}
}

@inproceedings{Thomaszewski06,
author = {Thomaszewski, Bernhard and Wacker, Markus and Stra\sser, Wolfgang},
title = {A consistent bending model for cloth simulation with corotational subdivision finite elements},
booktitle = {ACM SIGGRAPH/Eurographics symposium on Computer animation},
year = {2006},
pages = {107-116}
 }