@InProceedings{Comas10,
author = {Comas, O. and Cotin, S. and Duriez, C.},
title = {A Shell Model for Real-Time Simulation of Intra-ocular Implant Deployment},
booktitle = {Proceedings of ISBMS 2010},
pages = {160--170},
year = {2010}
}

@Book{Przemieniecki68,
author = {J.S. Przemieniecki},
title = {Theory of matrix structural analysis},
publisher = {McGraw-Hill},
year = {1985}
}

@Book{Liu03,
author = {G.R. Liu and S. Quek},
title = {Finite Element Method: A Practical Course},
publisher = {Butterworth},
year = {2003},
}

 @article{Miller07,
 author = {Karol Miller and Grand Joldes and Dane Lance and Adam Wittek},
 title={Total Lagrangian explicit dynamics finite element algorithm for computing soft tissue deformation},
 journal = {Communications in Numerical Methods in Engineering},
 volume={23},
 number={2},
 pages={121-134},
 year={2007}
 }
 
@InProceedings{Delingette08,
author = {Herv\'e Delingette},
booktitle = {Proceedings of ISBMS 2008},
title = {{Biquadratic and Quadratic Springs for Modeling St Venant Kirchhoff Materials}},
year = {2008},
pages = {40--48},
%publisher = {Springer},
%series = {Lecture Notes in Computer Science},
%volume = {5104}
}


@InProceedings{SOFA,
author = {Allard, J. and Cotin, S. and Faure, F. and Bensoussan, P-J. and Poyer, F. and Duriez, C. and Delingette, H. and Grisoni, L.},
title = {{SOFA - an Open Source Framework for Medical Simulation}},
booktitle = {Medicine Meets Virtual Reality},
year = {2007},
pages = {13-18}
}

@InProceedings{Wang07,
author = {Wang, Fei and Duratti, Lindo and Samur, Evren and Spaelter, Ulrich and Bleuler, Hannes},
booktitle = {The 29th {A}nnual {I}nternational {C}onference of the {IEEE}-{EMBS}},
title = {A {C}omputer-{B}ased {R}eal-{T}ime {S}imulation of {I}nterventional {R}adiology},
year = {2007},
pages={1742-1745}
}

%@Article{Zienkiewicz71,
%author = {O. C. Zienkiewicz and D. V. Phillips},
%title = {An automatic mesh generation scheme for plane and curved surfaces by isoparametric co-ordinates},
%journal = {International Journal for Numerical Methods in Engineering},
%year = {1971},
%volume = {3},
%number = {4},
%pages = {519--528}
%}

%@Article{Lo85,
%author = {S.H. Lo},
%title = {A new mesh generation scheme for arbitrary planar domains},
%journal = {International Journal for Numerical Methods in Engineering},
%year = {1985},
%volume = {21},
%number = {8},
%pages = {1403--1426}
%}

%@Article{Lau96,
%author = {T. S. Lau and S. H. Lo},
%title = {Finite element mesh generation over analytical curved surfaces},
%journal = {Computers \& Structures},
%year = {1996},
%volume = {59},
%number = {2},
%pages = {301--309}
%}

%@Article{Baumann97,
%author = {M. Baumann and K. Schweizerhof},
%title = {Adaptive mesh generation on arbitrarily curved shell structures},
%journal = {Computers \& Structures},
%year = {1997},
%volume = {64},
%number = {1--4},
%pages = {209--220}
%}

%@Article{Bechet02,
%author = {E. B\'echet and J. -C. Cuilliere and F. Trochu},
%title = {{Generation of a finite element MESH from stereolithography (STL) files}},
%journal = {Computer-Aided Design},
%year = {2002},
%volume = {34},
%number = {1},
%pages = {1--17}
%}

@InProceedings{Klein96,
author = {Reinhard Klein and Gunther Liebich and W. Stra{\ss}er},
title = {Mesh Reduction with Error Control},
booktitle = {Visualization 96. ACM},
year = {1996},
pages = {311--318}
}

%@Article{Cignoni98,
%author = {P. Cignoni and C. Rocchini and R. Scopigno},
%title = {Metro: Measuring Error on Simplified Surfaces},
%journal = {Computer Graphics Forum},
%year = {1998},
%volume = {17},
%number = {2},
%pages = {167--174}
%}

@InProceedings{Saupin07,
author = {G. Saupin and C. Duriez and L. Grisoni.},
title = {Embedded Multigrid Approach For Real-Time Volumetric Deformation},
booktitle = {ISVC},
year = {2007},
pages = {149--159}
}
%booktitle = {International Symposium on Visual Computing},

@misc{Meshlab,
author = {Visual Computing Lab  ISTI - CNR},
title = {MeshLab},
note = {http://meshlab.sourceforge.net/}
}

@InProceedings{Hammer08,
author = {Peter E. Hammer and Douglas P. Perrinb and Pedro J. del Nidob and Robert D. Howe},
title = {Image-based mass-spring model of mitral valve closure for surgical planning},
booktitle = {Proceedings of SPIE Medical Imaging},
year = {2008},
volume = {6918}
}

@InProceedings{Choi07,
author = {Min Gyu Choi and Seung Yong Woo and Hyeong-Seok Ko},
title = {Real-Time Simulation of Thin Shells},
booktitle = {ACM SIGGRAPH/Eurographics symposium on Computer animation},
year={2007},
pages = {349-354}
}

@InProceedings{Nedel98,
 author = {Nedel, L. P. and Thalmann, D.},
 title = {Real Time Muscle Deformations using Mass-Spring Systems},
 booktitle = {Proceedings of Computer Graphics International},
 year = {1998},
 pages = {156}
 }

@Article{Kolb95,
author = {Andreas Kolb and Helmut Pottmann and Hans-peter Seidel},
title = {Fair Surface Reconstruction Using Quadratic Functionals	},
journal = {Computer Graphics Forum},
year = {1995},
volume = {14},
number = {3},
pages = {469--479}
}

% @InProceedings{Douros02,
%author = {Loannis Douros and Bernard Buxton},
%title = {Three-dimensional surface curvature estimation using quadric surface patches},
%booktitle = {Proceedings of Scanning},
%year = {2002}
%}

@InProceedings{Tang99,
author = {Chi-Keung Tang and G\'erard Medioni},
title = {Robust Estimation of Curvature Information from Noisy 3D Data for Shape Description},
booktitle = {Proceedings of IEEE ICCV},
year = {1999}
}

@Article{deVisser10,
author = {de Visser, H. and Passenger, J. and Conlan, D. and Russ, C. and Hellier, D. and Cheng, M. and Acosta, O. and Ourselin, S. and Salvado, O.},
title = {Developing a Next Generation Colonoscopy Simulator},
journal = {Int J Image Graphics},
volume = {10},
number = {2},
year = {2010},
pages = {203-17} 
}